@article{hester2017judicial,
  title={Judicial rotation as centripetal force: Sentencing in the court communities of South Carolina},
  author={Hester, Rhys},
  journal={Criminology},
  volume={55},
  number={1},
  pages={205--235},
  year={2017},
  publisher={Wiley Online Library}
}

@article{hester2017conditional,
  title={Conditional race disparities in criminal sentencing: A test of the liberation hypothesis from a non-guidelines state},
  author={Hester, Rhys and Hartman, Todd K},
  journal={Journal of quantitative criminology},
  volume={33},
  number={1},
  pages={77--100},
  year={2017},
  publisher={Springer}
}

@phdthesis{wang2019,
  title={Three Data-driven Model-based Policy Analyses in Criminology},
  author={Wang, Can},
  school   = {Stanford University},
  year={2019}
}

@article{hester2017judicial,
  title={Judicial rotation as centripetal force: Sentencing in the court communities of South Carolina},
  author={Hester, Rhys},
  journal={Criminology},
  volume={55},
  number={1},
  pages={205--235},
  year={2017},
  publisher={Wiley Online Library}
}
@phdthesis{hester2012criminal,
  title={Criminal sentencing in the court communities of South Carolina: An examination of offender, judge, and county characteristics},
  author={Hester, Rhys},
  year={2012},
  school={University of South Carolina}
}
