@article{VanRyzin_Bertsimas_Vehicle_Routing_1,
  title={A stochastic and dynamic vehicle routing problem in the Euclidean plane},
  author={Bertsimas, Dimitris J and Van Ryzin, Garrett},
  journal={Oper. Res.},
  volume={39},
  number={4},
  pages={601--615},
  year={1991},
  publisher={INFORMS}
}

@article{VanRyzin_Bertsimas_Vehicle_Routing_2,
  title={Stochastic and dynamic vehicle routing with general demand and interarrival time distributions},
  author={Bertsimas, Dimitris J and Van Ryzin, Garrett},
  journal={Adv. Appl. Probab.},
  pages={947--978},
  year={1993},
  publisher={JSTOR}
}

@article{VanRyzin_Bertsimas_Vehicle_Routing_3,
  title={Stochastic and dynamic vehicle routing in the Euclidean plane with multiple capacitated vehicles},
  author={Bertsimas, Dimitris J and Van Ryzin, Garrett},
  journal={Oper. Res.},
  volume={41},
  number={1},
  pages={60--76},
  year={1993},
  publisher={INFORMS}
}

@book{Bertsekas_DP,
  title={Dynamic programming and optimal control},
  author={Bertsekas, Dimitri P and Bertsekas, Dimitri P and Bertsekas, Dimitri P and Bertsekas, Dimitri P},
  volume={1},
  number={2},
  year={199},
  publisher={Athena Scientific Belmont, MA}
}

@book{Bertsekas_DPSC,
	title={Dynamic programming and stochastic control},
	author={Bertsekas, Dimitri P},
	year={1976},
	publisher={Academic Press, Inc.}
}

@book{Durrett_Probability,
  title={Probability: theory and examples},
  author={Durrett, Rick},
  year={2010},
  publisher={Cambridge university press}
}

@book{Glynn_Simulation,
	title={Stochastic simulation: algorithms and analysis},
	author={Asmussen, S{\o}ren and Glynn, Peter W},
	volume={57},
	year={2007},
	publisher={Springer Science \& Business Media}
}
s
@book{Boyd_Convex,
	title={Convex optimization},
	author={Boyd, Stephen and Vandenberghe, Lieven},
	year={2004},
	publisher={Cambridge university press}
}

%%%%%%%%%%%%%%%%%%%%%%%%%%% Spatial Pricing of Taxi Rides

@techreport{Nick_Buchholz,
	title={Spatial equilibrium, search frictions and efficient regulation in the taxi industry},
	author={Buchholz, Nicholas},
	year={2018},
	type={Working paper}
}

@article{Burdett_Friction,
	title={Pricing and matching with frictions},
	author={Burdett, Kenneth and Shi, Shouyong and Wright, Randall},
	journal={J. Polit. Econ.},
	volume={109},
	number={5},
	pages={1060--1085},
	year={2001},
	publisher={The University of Chicago Press}
}

@article{Clark1961,
	title={The greatest of a finite set of random variables},
	author={Clark, Charles E},
	journal={Oper. Res.},
	volume={9},
	number={2},
	pages={145--162},
	year={1961},
	publisher={INFORMS}
}

@article{IBIS_World_Report,
	title={{IBISWorld} Industry Report 48533 Taxi \& Limousine Services in the {US}},
	author={Sayler, Brian},
	year={2017},
	institution={IBIS World}
}

@techreport{TLC_Factbook_2016,
	title={2016 TLC Factbook},
	institution={NYC Taxi \& Limousine Commission},
	URL={nyc.gov/factbook},
	year={2016}
}

@techreport{TLC_Factbook_2014,
	title={2014 Taxicab Factbook},
	institution={NYC Taxi \& Limousine Commission},
	URL={nyc.gov/tlcfactbook},
	year={2014}
}

@article{Douglas_Price_1972,
	title={Price regulation and optimal service standards: The taxicab industry},
	author={Douglas, George W},
	journal={J. Transp. Econ. Policy},
	pages={116--127},
	year={1972},
	publisher={JSTOR}
}

@article{DeVany_1975,
	title={Capacity utilization under alternative regulatory restraints: An analysis of taxi markets},
	author={De Vany, Arthur S},
	journal={J. Polit. Econ.},
	volume={83},
	number={1},
	pages={83--94},
	year={1975},
	publisher={The University of Chicago Press}
}

@article{Coffman_1977,
	title={The Economic Reasons for Price and Entry Regulation of Taxicabs (Comment and Rejoinder)},
	author={Coffman, Richard B and Shreiber, Chanoch},
	journal={J. Transp. Econ. Policy},
	pages={288--304},
	year={1977},
	publisher={JSTOR}
}

@article{Foerster_1979,
	title={Taxicab deregulation: Economic consequences and regulatory choices},
	author={Foerster, James F and Gilbert, Gorman},
	journal={Transportation},
	volume={8},
	number={4},
	pages={371--387},
	year={1979},
	publisher={Springer}
}

@article{Schroeter_1983,
	title={A model of taxi service under fare structure and fleet size regulation},
	author={Schroeter, John R},
	journal={The Bell Journal of Economics},
	pages={81--96},
	year={1983},
	publisher={JSTOR}
}

@techreport{Frankena_1984,
	title={An economic analysis of taxicab regulation},
	author={Frankena, Mark W and Pautler, Paul A},
	institution={Federal Trade Commission},
	year={1984}
}

@article{Arnott_1996,
	title={Taxi travel should be subsidized},
	author={Arnott, Richard},
	journal={Journal of Urban Economics},
	volume={40},
	number={3},
	pages={316--333},
	year={1996},
	publisher={Elsevier}
}

@article{Cairns_Competition_1996,
	title={Competition and regulation in the taxi industry},
	author={Cairns, Robert D and Liston-Heyes, Catherine},
	journal={Journal of Public Economics},
	volume={59},
	number={1},
	pages={1--15},
	year={1996},
	publisher={Elsevier}
}

@article{Yang2000,
	title={A macroscopic taxi model for passenger demand, taxi utilization and level of services},
	author={Yang, Hai and Lau, Yan Wing and Wong, Sze Chun and Lo, Hong Kam},
	journal={Transportation},
	volume={27},
	number={3},
	pages={317--340},
	year={2000},
	publisher={Springer}
}

@article{Wong_2001,
	title={Modeling urban taxi services in congested road networks with elastic demand},
	author={Wong, KI and Wong, Sze Chun and Yang, Hai},
	journal={Transport. Res. B-Meth.},
	volume={35},
	number={9},
	pages={819--842},
	year={2001},
	publisher={Elsevier}
}

@article{Yang_2002,
	title={Demand--supply equilibrium of taxi services in a network under competition and regulation},
	author={Yang, Hai and Wong, Sze Chun and Wong, KI},
	journal={Transport. Res. B-Meth.},
	volume={36},
	number={9},
	pages={799--819},
	year={2002},
	publisher={Elsevier}
}

@article{Lagos_2003,
	title={An analysis of the market for taxicab rides in New York City},
	author={Lagos, Ricardo},
	journal={International Economic Review},
	volume={44},
	number={2},
	pages={423--434},
	year={2003},
	publisher={Wiley Online Library}
}

@article{Yang_2010,
	title={Equilibria of bilateral taxi--customer searching and meeting on networks},
	author={Yang, Hai and Leung, Cowina WY and Wong, Sze Chun and Bell, Michael GH},
	journal={Transport. Res. B-Meth.},
	volume={44},
	number={8},
	pages={1067--1083},
	year={2010},
	publisher={Elsevier}
}

@article{Yang_Nonlinear_2010,
	title={Nonlinear pricing of taxi services},
	author={Yang, Hai and Fung, CS and Wong, KI and Wong, Sze Chun},
	journal={Transport. Res. B-Pol.},
	volume={44},
	number={5},
	pages={337--348},
	year={2010},
	publisher={Elsevier}
}

@article{Frechette_2016,
	title={Frictions in a Competitive, Regulated Market Evidence from Taxis},
	author={Frechette, Guillaume R and Lizzeri, Alessandro and Salz, Tobias},
	year={2016}
}

@article{Zhang_2016,
	title={Optimal fleet size and fare setting in emerging taxi markets with stochastic demand},
	author={Zhang, Wenbo and Ukkusuri, Satish V},
	journal={Computer-Aided Civil and Infrastructure Engineering},
	volume={31},
	number={9},
	pages={647--660},
	year={2016},
	publisher={Wiley Online Library}
}

@article{Spatial_Pricing_Ozan,
	title={Spatial pricing in ride-sharing networks},
	author={Bimpikis, Kostas and Candogan, Ozan and Saban, Daniela},
	journal={Oper. Res.},
	volume={67},
	number={3},
	pages={744--769},
	year={2019},
	publisher={INFORMS}
}

@article{Spatial_Goyal,
	title={Spatial distribution of surge prices under incentive compatible driver assignment},
	author={Iyengar, Garud and Goyal, Vineet and Wang, Shuangyu},
	year={2017}
}

@article{Didi_UMD,
	title={An Empirical Analysis of Market Formation, Pricing, and Revenue Sharing in Ride-Hailing Services},
	author={Ming, Liu and Tunca, Tunay and Xu, Yi and Zhu, Weiming},
	year={2017}
}

@techreport{RideHailing_Matching_with_Abandonment,
	title={On-Demand Ride-Matching in a Spatial Model with Abandonment and Cancellation},
	author={Wang, Guangju and Zhang, Hailun and Zhang, Jiheng},
	type={Working paper},
	year={2019}
}

@techreport{MultiObjective_Matching_2019,
	title={Multi-objective online ride-matching},
	author={Lyu, Guodong and Cheung, Wang Chi and Teo, Chung-Piaw and Wang, Hai},
	type={Working paper},
	year={2019}
}

@techreport{Strategic_Time_Pricing_2018,
	title={Strategic Timing and Dynamic Pricing In On-Demand Platforms},
	author={Abhishek, Vibhanshu and Dogan, Mustafa and Jacquillat, Alexandre},
	type={Working paper},
	year={2018}
}

@techreport{RideHailing_Afeche,
	title={Ride-Hailing Networks with Strategic Drivers: The Impact of Platform Control Capabilities on Performance},
	author={Af{\`e}che, Philipp and Liu, Zhe and Maglaras, Costis},
	type={Working paper},
	year={2018}
}

@techreport{Afeche_TaleOfTimeScales,
	title={Surge Pricing and Dynamic Matching for Hotspot Demand Shock in Ride-Hailing Networks},
	author={Af{\`e}che, Philipp and Liu, Zhe and Maglaras, Costis},
	type={Working paper},
	year={2020}
}

@article{Besbes_Surge,
	title={Surge Pricing and its Spatial Supply Response},
	author={Besbes, Omar and Castro, Francisco and Lobel, Ilan},
	journal={Manage. Sci.},
	year={2020}
}

@techreport{Castro_Spatial_Capacity_Planning,
	title={Spatial Capacity Planning},
	author={Besbes, Omar and Castro, Francisco and Lobel, Ilan},
	type={Working paper},
	year={2019}
}

@article{Terry_Taylor_2016,
	title={On-demand service platforms},
	author={Taylor, Terry},
	year={2016}
}

@techreport{Johari_QueueingTheoretic_Pricing_2015,
	title={Pricing in ride-share platforms: A queueing-theoretic approach},
	author={Banerjee, Siddhartha and Riquelme, Carlos and Johari, Ramesh},
	year={2015},
	type={Working Paper}
}

@article{Guda_2019,
	title={Your {Uber} is arriving: Managing on-demand workers through surge pricing, forecast communication, and worker incentives},
	author={Guda, Harish and Subramanian, Upender},
	journal={Manage. Sci.},
	volume={65},
	number={5},
	pages={1995--2014},
	year={2019},
	publisher={INFORMS}
}

@article{Braverman_EmptyCarRouting,
	title={Empty-car routing in ridesharing systems},
	author={Braverman, Anton and Dai, Jim G and Liu, Xin and Ying, Lei},
	journal={Oper. Res.},
	volume={67},
	number={5},
	pages={1437--1452},
	year={2019},
	publisher={INFORMS}
}

@techreport{Wild_Goose_Chase_2017,
	title={Surge Pricing Solves the Wild Goose Chase},
	author={Castillo, Juan Camilo and Knoepfle, Dan and Weyl, Glen},
	type={Working paper},
	year={2017}
}

@techreport{Surge_Benefit_Castillo_2018,
	title={Who Benefits from Surge Pricing?},
	author={Castillo, Juan Camilo},
	type={Working paper},
	year={2018}
}

@techreport{Nosko_Uber_CaseStudy_2015,
	title={The effects of {Uber's} surge pricing: A case study},
	author={Hall, Jonathan and Kendrick, Cory and Nosko, Chris},
	type={Working Paper}
	year={2015}
}

@article{Levitt_UberConsumerSurplus,
	title={Using big data to estimate consumer surplus: The case of {Uber}},
	author={Cohen, Peter and Hahn, Robert and Hall, Jonathan and Levitt, Steven and Metcalfe, Robert},
	year={2016}
}

@article{Cachon_Ridesharing,
	title={The role of surge pricing on a service platform with self-scheduling capacity},
	author={Cachon, Gerard P and Daniels, Kaitlin M and Lobel, Ruben},
	journal={M\&SOM},
	year={2017},
	publisher={INFORMS}
}

@techreport{Iyer_Frazier_SpatialMFG,
	title={Mean Field Equilibria for Resource Competition in Spatial Settings},
	author={Yang, Pu and Iyer, Krishnamurthy and Frazier, Peter},
	type={Working paper},
	year={2017}
}

@article{Krueger_UberHigherUtilization,
	title={Disruptive change in the taxi business: The case of {Uber}},
	author={Cramer, Judd and Krueger, Alan B},
	journal={Am. Econ. Rev.},
	volume={106},
	number={5},
	pages={177--182},
	year={2016},
	publisher={American Economic Association}
}


@techreport{MengLiu_UberConsumerSurplus,
	title={Demand and Consumer Surplus in the On-Demand Economy: The Case of Ride Sharing},
	author={Lam, Chungsang Tom and Liu, Meng},
	type={Working paper},
	year={2017}
}

@article{Hackner_Deregulating,
	title={Deregulating taxi services: A word of caution},
	author={H{\"a}ckner, Jonas and Nyberg, Sten},
	journal={Journal of Transport Economics and Policy},
	pages={195--207},
	year={1995},
	publisher={JSTOR}
}

@article{MFG_Lions_OriginalPaper,
	title={Mean field games},
	author={Lasry, Jean-Michel and Lions, Pierre-Louis},
	journal={Japanese Journal of Mathematics},
	volume={2},
	number={1},
	pages={229--260},
	year={2007},
	publisher={Springer}
}

@inproceedings{MFG_Caines_OriginalPaper,
	title={Individual and mass behaviour in large population stochastic wireless power control problems: Centralized and Nash equilibrium solutions},
	author={Huang, Minyi and Caines, Peter E and Malham{\'e}, Roland P},
	booktitle={Decision and Control, 2003. Proceedings. 42nd {IEEE} Conference on},
	volume={1},
	pages={98--103},
	year={2003},
	organization={IEEE}
}

@article{KrishIyer_MFG,
	title={Mean field equilibria of dynamic auctions with learning},
	author={Iyer, Krishnamurthy and Johari, Ramesh and Sundararajan, Mukund},
	journal={Manage. Sci.},
	volume={60},
	number={12},
	pages={2949--2970},
	year={2014},
	publisher={INFORMS}
}

@article{Hajek_SupermarketGame,
	title={The supermarket game},
	author={Xu, Jiaming and Hajek, Bruce},
	journal={Stochastic Systems},
	volume={3},
	number={2},
	pages={405--441},
	year={2013},
	publisher={INFORMS}
}

@article{Ramesh_MFG_Bandit,
	title={Mean field analysis of multi-armed bandit games},
	author={Gummadi, Ramki and Johari, Ramesh and Schmit, Sven and Yu, Jia Yuan},
	year={2013}
}

@article{Ramesh_Strategic_Complementarities,
	title={Mean field equilibrium in dynamic games with strategic complementarities},
	author={Adlakha, Sachin and Johari, Ramesh},
	journal={Oper. Res.},
	volume={61},
	number={4},
	pages={971--989},
	year={2013},
	publisher={INFORMS}
}

@article{Ramesh_Existence_Approximation_MarketStructure,
	title={Equilibria of dynamic games with many players: Existence, approximation, and market structure},
	author={Adlakha, Sachin and Johari, Ramesh and Weintraub, Gabriel Y},
	journal={J. Econ. Theory},
	volume={156},
	pages={269--316},
	year={2015},
	publisher={Elsevier}
}

@article{Balseiro_MFG,
	title={Repeated auctions with budgets in ad exchanges: Approximations and design},
	author={Balseiro, Santiago R and Besbes, Omar and Weintraub, Gabriel Y},
	journal={Manage. Sci.},
	volume={61},
	number={4},
	pages={864--884},
	year={2015},
	publisher={INFORMS}
}

@article{Balseiro_Brown_Chen_2019,
	title={Dynamic pricing of relocating resources in large networks},
	author={Balseiro, Santiago R and Brown, David B and Chen, Chen},
	journal={Manage. Sci.},
	year={2020}
}

@article{Diamond_MobilityCosts,
	title={Mobility costs, frictional unemployment, and efficiency},
	author={Diamond, Peter A},
	journal={J. Polit. Econ.},
	volume={89},
	number={4},
	pages={798--812},
	year={1981},
	publisher={The University of Chicago Press}
}

@article{Allen_TopographyofSpatialEconomy,
	title={Trade and the Topography of the Spatial Economy},
	author={Allen, Treb and Arkolakis, Costas},
	journal={The Quarterly Journal of Economics},
	volume={129},
	number={3},
	pages={1085--1140},
	year={2014},
	publisher={MIT Press}
}

@techreport{Cohen_UberConsumerSurplus,
	title={Using big data to estimate consumer surplus: The case of {Uber}},
	author={Cohen, Peter and Hahn, Robert and Hall, Jonathan and Levitt, Steven and Metcalfe, Robert},
	year={2016},
	type={Working paper},
	institution={National Bureau of Economic Research}
}

@techreport{MengLiu_UberLyftTaxi,
	title={Toward Inclusive Mobility: Ridesharing Mitigates Geographical Disparity in Transportation},
	author={Lam, Chungsang Tom and Liu, Meng},
	type{Working paper},
	year={2017}
}

@article{Lagos_2000,
	title={An alternative approach to search frictions},
	author={Lagos, Ricardo},
	journal={J. Polit. Econ.},
	volume={108},
	number={5},
	pages={851--873},
	year={2000},
	publisher={The University of Chicago Press}
}

@incollection{Byrd_Knitro,
	title={An integrated package for nonlinear optimization},
	author={Byrd, Richard H and Nocedal, Jorge and Waltz, Richard A},
	booktitle={Large-scale Nonlinear Optimization},
	pages={35--59},
	year={2006},
	publisher={Springer}
}

@Manual{SpeedGLM,
	title = {SpeedGLM: Fitting Linear and Generalized Linear Models to Large Data Sets},
	author = {Marco Enea},
	year = {2017}
}

@article{Bai_CoordinatingSD,
	title={Coordinating supply and demand on an on-demand service platform with impatient customers},
	author={Bai, Jiaru and So, Kut C and Tang, Christopher S and Chen, Xiqun and Wang, Hai},
	journal={Manufacturing \& Service Operations Management},
	volume={21},
	number={3},
	pages={556--570},
	year={2019},
	publisher={INFORMS}
}

@techreport{Freund_Ridesharing_Pricing,
	title={Pricing and Optimization in Shared Vehicle Systems: An Approximation Framework},
	author={Banerjee, Siddhartha and Freund, Daniel and Lykouris, Thodoris},
	type={Working paper},
	year={2016}
}

@BOOK{Firms_Prices_Markets,
	title = {Firms, Prices, and Markets},
	author={Van Zandt, Timothy},
	year = {2012}
}

@incollection{Horowitz_Bootstrap,
	title={The bootstrap},
	author={Horowitz, Joel L},
	booktitle={Handbook of econometrics},
	volume={5},
	pages={3159--3228},
	year={2001},
	publisher={Elsevier}
}

@book{NB_Hilbe,
	title={Negative binomial regression},
	author={Hilbe, Joseph M},
	year={2011},
	publisher={Cambridge University Press}
}

@book{GLM_Hilbe,
	title={Generalized linear models and extensions},
	author={Hardin, James William and Hilbe, Joseph M and Hilbe, Joseph},
	year={2007},
	publisher={Stata Press}
}

@book{Real_Analysis_Royden,
	title={Real analysis},
	author={Royden, Halsey Lawrence and Fitzpatrick, Patrick},
	edition={4},
	year={1968},
	publisher={Macmillan New York}
}

@article{MaxP,
	title={The max-p-regions problem},
	author={Duque, Juan C and Anselin, Luc and Rey, Sergio J},
	journal={Journal of Regional Science},
	volume={52},
	number={3},
	pages={397--419},
	year={2012},
	publisher={Wiley Online Library}
}

@article{Gerrymandering_For_Liver,
	title={Gerrymandering for justice: Redistricting {US} liver allocation},
	author={Gentry, Sommer and Chow, Eric and Massie, Allan and Segev, Dorry},
	journal={Interfaces},
	volume={45},
	number={5},
	pages={462--480},
	year={2015},
	publisher={INFORMS}
}

@techreport{Shapiro_Density_of_Demand,
	title={Density of Demand and the Benefit of {Uber}},
	author={Shapiro, Matthew H},
	type={Working paper},
	year={2018}
}

@electronic{Todd_Schneider_Website,
	author = {Schneider, Todd W},
	title = {Analyzing $1.1$ Billion {NYC} Taxi and {Uber} Trips, with a Vengeance},
	year = 2018,
	url = {http://toddwschneider.com/posts/analyzing-1-1-billion-nyc-taxi-and-uber-trips-with-a-vengeance}
}

@article{Farber_2008,
	title={Reference-dependent preferences and labor supply: The case of New York City taxi drivers},
	author={Farber, Henry S},
	journal={Am. Econ. Rev.},
	volume={98},
	number={3},
	pages={1069--82},
	year={2008}
}

@article{Lawless_NB,
	title={Negative binomial and mixed Poisson regression},
	author={Lawless, Jerald F},
	journal={Canadian Journal of Statistics},
	volume={15},
	number={3},
	pages={209--225},
	year={1987},
	publisher={Wiley Online Library}
}

@article{Hall_UrnBallProblem,
	title={A theory of the natural unemployment rate and the duration of employment},
	author={Hall, Robert E},
	journal={Journal of monetary economics},
	volume={5},
	number={2},
	pages={153--169},
	year={1979},
	publisher={Elsevier}
}

@book{Ben_Akiva,
	title={Discrete choice analysis: theory and application to travel demand},
	author={Ben-Akiva, Moshe E and Lerman, Steven R and Lerman, Steven R},
	volume={9},
	year={1985},
	publisher={MIT Press}
}

@book{Anderson_DiscreteChoiceTheory,
	title={Discrete choice theory of product differentiation},
	author={Anderson, Simon P and De Palma, Andre and Thisse, Jacques-Francois},
	year={1992},
	publisher={MIT Press}
}

@article{Rust_BusEngine,
	title={Optimal replacement of GMC bus engines: An empirical model of Harold Zurcher},
	author={Rust, John},
	journal={Econometrica: Journal of the Econometric Society},
	pages={999--1033},
	year={1987},
	publisher={JSTOR}
}

@article{Nair_IntertemporalPriceDiscrimination,
	title={Intertemporal price discrimination with forward-looking consumers: Application to the US market for console video-games},
	author={Nair, Harikesh},
	journal={Quantitative Marketing and Economics},
	volume={5},
	number={3},
	pages={239--292},
	year={2007},
	publisher={Springer}
}

@article{Seyed_DelaySensitivity,
	title={Structural estimation of callers' delay sensitivity in call centers},
	author={Ak{\c{s}}in, Zeynep and Ata, Baris and Emadi, Seyed Morteza and Su, Che-Lin},
	journal={Manage. Sci.},
	volume={59},
	number={12},
	pages={2727--2746},
	year={2013},
	publisher={INFORMS}
}

@article{Seyed_DelayAnnouncements,
	title={Impact of delay announcements in call centers: An empirical approach},
	author={Ak{\c{s}}in, Zeynep and Ata, Baris and Emadi, Seyed Morteza and Su, Che-Lin},
	journal={Oper. Res.},
	volume={65},
	number={1},
	pages={242--265},
	year={2016},
	publisher={INFORMS}
}

@article{JunLi_AirTravel,
	title={Are consumers strategic? Structural estimation from the air-travel industry},
	author={Li, Jun and Granados, Nelson and Netessine, Serguei},
	journal={Manage. Sci.},
	volume={60},
	number={9},
	pages={2114--2137},
	year={2014},
	publisher={INFORMS}
}

@article{ChelinSu_MPEC,
	title={Constrained optimization approaches to estimation of structural models},
	author={Su, Che-Lin and Judd, Kenneth L},
	journal={Econometrica},
	volume={80},
	number={5},
	pages={2213--2230},
	year={2012},
	publisher={Wiley Online Library}
}

@article{FanyinZheng_SpatialCompetition,
	title={Spatial competition and preemptive entry in the discount retail industry},
	author={Zheng, Fanyin},
	year={2016}
}

@article{FanyinZheng_BikeShare,
	title={Customer Preference and Station Network in the London Bike Share System},
	author={Zheng, Fanyin and He, Pu and Belavina, Elena and Girotra, Karan},
	year={2018}
}

@techreport{Spatial_Pricing_of_Taxi_Rides,
	title={Spatial Pricing: An Empirical Analysis of Taxi Rides in {New York City}},
	author={Ata, Baris and Barjesteh, Nasser and Kumar, Sunil},
	year={2019},
	type={Working paper}
}

@techreport{Dynamic_Matching_Relocation_Ridesharing,
	title={Dynamic Dispatch and Centralized Relocation of Cars in Ride-hailing Platforms},
	author={Ata, Baris and Barjesteh, Nasser and Kumar, Sunil},
	year={2019},
	type={Working paper}
}

@techreport{Readmission_Paper,
	title={Multi-Class State-Dependent Service Systems with Returns},
	author={Barjesteh, Nasser and Abouee-Mehrizi, Hossein},
	year={2019},
	type={Working paper}
}

@techreport{Alwan_Ata_2020,
	title={A Diffusion Approximation Framework for Ride-hailing with Travel Delays},
	author={Alwan, Amir, and Ata, Baris},
	year={2020},
	type={Working paper}
}

@article{Double_Description_Method,
	title={The Double Description Method, in Contributions to the Theory of Games {II}},
	author={Motzkin, Theodore S},
	journal={Annals of Mathematics Study},
	volume={28},
	year={1953},
	publisher={Princeton University Press}
}

@unpublished{Hamid_Informs_Uber_Talk,
	title= {An Overview of {Uber's} Surge Pricing Mechanism},
	author = {Hamid Nazerzadeh},
	year = {2018},
	note= {Informs Annual Meeting},
	%URL= {http://www.abstractsonline.com/pp8/#!/4701/presentation/7394},
}

@article{Harrison_96,
	title={The {BIGSTEP} approach to flow management in stochastic processing networks},
	author={Harrison, J Michael},
	journal={Stochastic Networks: Theory and Applications},
	volume={4},
	pages={147--186},
	year={1996}
}

@incollection{Harrison_88,
	title={{Brownian} models of queueing networks with heterogeneous customer populations},
	author={Harrison, J Michael},
	booktitle={Stochastic differential systems, stochastic control theory and applications},
	pages={147--186},
	year={1988},
	publisher={Springer}
}

@article{Harrison2003,
	title={A broader view of {Brownian} networks},
	author={Harrison, J Michael},
	journal={Ann. Appl. Probab.},
	volume={13},
	number={3},
	pages={1119--1150},
	year={2003},
	publisher={Institute of Mathematical Statistics}
}

@article{Harrison_Williams_2007,
	title={Workload interpretation for {Brownian} models of stochastic processing networks},
	author={Harrison, J Michael and Williams, Ruth J.},
	journal={Math. Oper. Res.},
	volume={32},
	number={4},
	pages={808--820},
	year={2007},
	publisher={INFORMS}
}

@article{Harrison2000,
	title={{Brownian} models of open processing networks: Canonical representation of workload},
	author={Harrison, J Michael},
	journal={Ann. Appl. Probab.},
	volume={10},
	number={1},
	pages={75--103},
	year={2000},
	publisher={JSTOR}
}

@article{Harrison_Williams_2005,
	title={Workload reduction of a generalized {Brownian} network},
	author={Harrison, J Michael and Williams, Ruth J.},
	journal={Ann. Appl. Probab.},
	volume={15},
	number={4},
	pages={2255--2295},
	year={2005},
	publisher={Institute of Mathematical Statistics}
}

@article{Harrison_98,
	title={Heavy traffic analysis of a system with parallel servers: Asymptotic optimality of discrete-review policies},
	author={Harrison, J Michael},
	journal={Ann. Appl. Probab.},
	pages={822--848},
	year={1998},
	publisher={JSTOR}
}

@article{Harrison_Lopez_99,
	title={Heavy traffic resource pooling in parallel-server systems},
	author={Harrison, J Michael and L{\'o}pez, Marcel J},
	journal={Queueing systems},
	volume={33},
	number={4},
	pages={339--368},
	year={1999},
	publisher={Springer}
}

@article{Bramson&Williams_2003,
	title={Two workload properties for {Brownian} networks},
	author={Bramson, Maury and Williams, RJ},
	journal={Queueing Systems},
	volume={45},
	number={3},
	pages={191--221},
	year={2003},
	publisher={Springer}
}

@article{Harrison_2002,
	title={Stochastic networks and activity analysis},
	author={Harrison, J Michael},
	journal={American Mathematical Society Translations},
	pages={53--76},
	year={2002},
	publisher={Citeseer}
}

@article{Budhiraja_2012,
	title={Controlled stochastic networks in heavy traffic: Convergence of value functions},
	author={Budhiraja, Amarjit and Ghosh, Arka P},
	journal={Ann. Appl. Probab.},
	volume={22},
	number={2},
	pages={734--791},
	year={2012},
	publisher={Institute of Mathematical Statistics}
}

@article{Ata_Kumar_2005,
	title={Heavy traffic analysis of open processing networks with complete resource pooling: Asymptotic optimality of discrete review policies},
	author={Ata, Baris and Kumar, Sunil},
	journal={Ann. Appl. Probab.},
	volume={15},
	number={1A},
	pages={331--391},
	year={2005},
	publisher={Institute of Mathematical Statistics}
}

@article{Pesic_Williams_2016,
	title={Dynamic scheduling for parallel server systems in heavy traffic: Graphical structure, decoupled workload matrix and some sufficient conditions for solvability of the Brownian control problem},
	author={Pesic, V and Williams, Ruth J},
	journal={Stochastic Systems},
	volume={6},
	number={1},
	pages={26--89},
	year={2016},
	publisher={{INFORMS}}
}

@article{Williams_HJB,
	title={{HJB} equations for certain singularly controlled diffusions},
	author={Atar, Rami and Budhiraja, Amarjit and Williams, Ruth J},
	journal={Ann. Appl. Probab.},
	volume={17},
	number={5-6},
	pages={1745--1776},
	year={2007},
	publisher={Institute of Mathematical Statistics}
}

@article{Budhiraja_Ross_Existence_2006,
	title={Existence of optimal controls for singular control problems with state constraints},
	author={Budhiraja, Amarjit and Ross, Kevin},
	journal={Ann. Appl. Probab.},
	volume={16},
	number={4},
	pages={2235--2255},
	year={2006},
	publisher={Institute of Mathematical Statistics}
}

@phdthesis{Joy_Thesis,
	title={Computing bounds via duality for singular stochastic control problems},
	author={Rajiv, Joy},
	year={2007},
	school={Stanford University}
	month={December}
}

@article{Kumar_Singular_Control,
	title={A numerical method for solving singular stochastic control problems},
	author={Kumar, Sunil and Muthuraman, Kumar},
	journal={Oper. Res.},
	volume={52},
	number={4},
	pages={563--582},
	year={2004},
	publisher={INFORMS}
}

@article{Kumar_Portfolio_Optimization,
	title={Multidimensional portfolio optimization with proportional transaction costs},
	author={Muthuraman, Kumar and Kumar, Sunil},
	journal={Mathematical Finance},
	volume={16},
	number={2},
	pages={301--335},
	year={2006},
	publisher={Wiley Online Library}
}

@article{Taksar_1997,
	title={Infinite-Dimensional Linear Programming Approach to Singular Stochastic Control},
	author={Taksar, Michael I},
	journal={{SIAM} J. Control Optim.},
	volume={35},
	number={2},
	pages={604--625},
	year={1997},
	publisher={SIAM}
}

@book{Fleming_Soner_2006,
	title={Controlled {Markov} processes and viscosity solutions},
	author={Fleming, Wendell H and Soner, Halil Mete},
	volume={25},
	year={2006},
	publisher={Springer Science \& Business Media}
}

@book{Kushner_1977_Book,
	title={Probability Methods for Approximations in Stochastic Control and for Elliptic Equations.},
	author={Kushner, Harold Joseph},
	year={1977},
	publisher={Academic Press, Inc.}
}

@article{Kushner_Singular_Control,
	title={Numerical methods for stochastic singular control problems},
	author={Kushner, Harold Joseph and Martins, Luiz Felipe},
	journal={{SIAM} J. Control Optim.},
	volume={29},
	number={6},
	pages={1443--1475},
	year={1991},
	publisher={SIAM}
}

@book{Kushner_Numerical_Approximation_Book,
	title={Numerical methods for stochastic control problems in continuous time},
	author={Kushner, Harold Joseph and Dupuis, Paul G},
	volume={24},
	year={2013},
	publisher={Springer Science \& Business Media}
}

@article{Menaldi_Cheap_Control,
	title={On some cheap control problems for diffusion processes},
	author={Menaldi, Jos{\'e}-Luis and Robin, Maurice},
	journal={Transactions of the American Mathematical Society},
	volume={278},
	number={2},
	pages={771--802},
	year={1983}
}

@article{Haussmann_Monotone_Follower,
	title={The free boundary of the monotone follower},
	author={Chiarolla, Maria B and Haussmann, Ulrich G},
	journal={{SIAM} J. Control Optim.},
	volume={32},
	number={3},
	pages={690--727},
	year={1994},
	publisher={SIAM}
}

@book{Ethier_Kurtz,
	title={{Markov} processes: characterization and convergence},
	author={Ethier, Stewart N and Kurtz, Thomas G},
	volume={282},
	year={2009},
	publisher={John Wiley \& Sons}
}

@article{Wein_92,
	title={Dynamic scheduling of a multiclass make-to-stock queue},
	author={Wein, Lawrence M},
	journal={Oper. Res.},
	volume={40},
	number={4},
	pages={724--735},
	year={1992},
	publisher={INFORMS}
}

@article{Ata_MakeToOrder_2009,
	title={Dynamic control of a make-to-order, parallel-server system with cancellations},
	author={Rubino, Melanie and Ata, Baris},
	journal={Oper. Res.},
	volume={57},
	number={1},
	pages={94--108},
	year={2009},
	publisher={INFORMS}
}

@article{Plambeck_Kumar_Harrison,
	title={A multiclass queue in heavy traffic with throughput time constraints: Asymptotically optimal dynamic controls},
	author={Plambeck, Erica and Kumar, Sunil and Harrison, J Michael},
	journal={Queueing Systems},
	volume={39},
	number={1},
	pages={23--54},
	year={2001},
	publisher={Springer}
}

@article{Maglaras_Celik,
	title={Dynamic pricing and lead-time quotation for a multiclass make-to-order queue},
	author={{\c{C}}elik, Sabri and Maglaras, Costis},
	journal={Manage. Sci.},
	volume={54},
	number={6},
	pages={1132--1146},
	year={2008},
	publisher={INFORMS}
}

@article{Maglaras_2006,
	title={Revenue management for a multiclass single-server queue via a fluid model analysis},
	author={Maglaras, Constantinos},
	journal={Oper. Res.},
	volume={54},
	number={5},
	pages={914--932},
	year={2006},
	publisher={INFORMS}
}

@book{Harrison_Book,
	title={{Brownian} models of performance and control},
	author={Harrison, J Michael},
	year={2013},
	publisher={Cambridge University Press}
}

@book{Oksendal_Book_Jump_Diffusion,
	title={Applied stochastic control of jump diffusions},
	author={{\O}ksendal, Bernt and Sulem, Agnes},
	year={2007},
	publisher={Springer Science \& Business Media}
}

@article{Ata_Drift_Control,
	title={Drift rate control of a {Brownian} processing system},
	author={Ata, Baris and Harrison, J Michael and Shepp, Lawrence A},
	journal={Ann. Appl. Probab.},
	volume={15},
	number={2},
	pages={1145--1160},
	year={2005},
	publisher={Institute of Mathematical Statistics}
}

@article{Ata_Gleaning,
	title={Dynamic volunteer staffing in multicrop gleaning operations},
	author={Ata, Baris and Lee, Deishin and S{\"o}nmez, Erkut},
	journal={Oper. Res.},
	volume={67},
	number={2},
	pages={295--314},
	year={2019},
	publisher={INFORMS}
}

@techreport{Ata_Volunteer_A,
	title={A Dynamic Model for Managing Volunteer Engagement},
	author={Ata, Baris and Field, Joy and Lee, Deishin and Tongarlak, Mustafa H.},
	type={Working paper},
	year={2020}
}

@techreport{Ata_Volunteer_B,
	title={A Diffusion Model of Dynamic Volunteer Capacity Management},
	author={Ata, Baris and Field, Joy and Lee, Deishin and Tongarlak, Mustafa H.},
	type={Working paper},
	year={2020}
}

@article{Ata_Thin_Arrival_Streams,
	title={Dynamic control of a multiclass queue with thin arrival streams},
	author={Ata, Baris},
	journal={Oper. Res.},
	volume={54},
	number={5},
	pages={876--892},
	year={2006},
	publisher={INFORMS}
}

@article{George_Harrison_2001,
	title={Dynamic control of a queue with adjustable service rate},
	author={George, Jennifer M and Harrison, J Michael},
	journal={Oper. Res.},
	volume={49},
	number={5},
	pages={720--731},
	year={2001},
	publisher={INFORMS}
}

@book{Handbook_ODE_Exact_Solutions,
	title={Handbook of exact solutions for ordinary differential equations},
	author={Zaitsev, Valentin F and Polyanin, Andrei D},
	year={2002},
	publisher={Chapman and Hall/CRC}
}

@inproceedings{Special_Functions,
	title={Special Functions for Optical Science and Engineering},
	author={Lakshminarayanan, Vasudevan and Varadharajan, L Srinivasa},
	year={2015},
	organization={SPIE Bellingham, WA}
}

@article{Jeffreys_1942,
	title={XLIV. Asymptotic solutions of linear differential equations},
	author={Jeffreys, Harold},
	journal={The London, Edinburgh, and Dublin Philosophical Magazine and Journal of Science},
	volume={33},
	number={221},
	pages={451--456},
	year={1942},
	publisher={Taylor \& Francis}
}

@book{Talluri_VanRyzin_RM,
	title={The theory and practice of revenue management},
	author={Talluri, Kalyan T and Van Ryzin, Garrett J},
	volume={68},
	year={2006},
	publisher={Springer Science \& Business Media}
}


@article{Wein_Caldentey_RM,
	title={Revenue management of a make-to-stock queue},
	author={Caldentey, Ren{\'e} and Wein, Lawrence M},
	journal={Oper. Res.},
	volume={54},
	number={5},
	pages={859--875},
	year={2006},
	publisher={INFORMS}
}

@article{Ata_Olsen_2009,
	title={Near-optimal dynamic lead-time quotation and scheduling under convex-concave customer delay costs},
	author={Ata, Baris and Olsen, Tava Lennon},
	journal={Oper. Res.},
	volume={57},
	number={3},
	pages={753--768},
	year={2009},
	publisher={INFORMS}
}

@article{Ata_Tongarlak_Queueing_2013,
	title={On scheduling a multiclass queue with abandonments under general delay costs},
	author={Ata, Baris and Tongarlak, Mustafa H},
	journal={Queueing Systems},
	volume={74},
	number={1},
	pages={65--104},
	year={2013},
	publisher={Springer}
}

@article{Ata_Olsen_Queueing_2013,
	title={Congestion-based leadtime quotation and pricing for revenue maximization with heterogeneous customers},
	author={Ata, Baris and Olsen, Tava Lennon},
	journal={Queueing Systems},
	volume={73},
	number={1},
	pages={35--78},
	year={2013},
	publisher={Springer}
}

@article{Ata_Shneorson_2006,
	title={Dynamic control of an {M/M/1} service system with adjustable arrival and service rates},
	author={Ata, Baris and Shneorson, Shiri},
	journal={Manage. Sci.},
	volume={52},
	number={11},
	pages={1778--1791},
	year={2006},
	publisher={INFORMS}
}

@article{Allon_Zeevi_Note,
	title={A note on the relationship among capacity, pricing, and inventory in a make-to-stock system},
	author={Allon, Gad and Zeevi, Assaf},
	journal={Prod. Oper. Manag.},
	volume={20},
	number={1},
	pages={143--151},
	year={2011},
	publisher={Wiley Online Library}
}

@article{Ozkan_Ward_Ridesharing_Dispatch,
	title={Dynamic Matching for Real-Time Ride Sharing},
	author={{\"O}zkan, Erhun and Ward, Amy R},
	journal={Stochastic Systems},
	volume={10},
	number={1},
	pages={29--70},
	year={2020},
	publisher={INFORMS}
}

@article{Ozkan_Joint_Pricing_Matching,
	title={Joint pricing and matching in ride-sharing systems},
	author={{\"O}zkan, Erhun},	
	journal={Eur. J. Oper. Res.},
	year={2020},
	publisher={Elsevier}
}

@article{Plambeck_Ward_Note,
	title={A separation principle for a class of assemble-to-order systems with expediting},
	author={Plambeck, E and Ward, A},
	journal={Oper. Res.},
	year={2003}
}

@article{Gayon_2007,
	title={Dynamic vs static pricing in a make-to-stock queue with partially controlled production},
	author={Gayon, Jean-Philippe and Dallery, Yves},
	journal={OR Spectrum},
	volume={29},
	number={2},
	pages={193--205},
	year={2007},
	publisher={Springer}
}

@article{Perakis_Permanent_Working_Paper,
	title={A fluid model of dynamic pricing and inventory management for make-to-stock manufacturing systems},
	author={Kachani, Soulaymane and Perakis, Georgia},
	year={2002},
	publisher={Massachusetts Institute of Technology, Operations Research Center}
}

@article{Dobson_2002,
	title={Product offering, pricing, and make-to-stock/make-to-order decisions with shared capacity},
	author={Dobson, Gregory and Yano, Candace Arai},
	journal={Prod. Oper. Manag.},
	volume={11},
	number={3},
	pages={293--312},
	year={2002},
	publisher={Wiley Online Library}
}

@article{Wein_Veatch_96,
	title={Scheduling a make-to-stock queue: Index policies and hedging points},
	author={Veatch, Michael H and Wein, Lawrence M},
	journal={Oper. Res.},
	volume={44},
	number={4},
	pages={634--647},
	year={1996},
	publisher={INFORMS}
}

@article{Afeche_2013,
	title={Incentive-compatible revenue management in queueing systems: Optimal strategic delay},
	author={Af{\`e}che, Philipp},
	journal={M\&SOM},
	volume={15},
	number={3},
	pages={423--443},
	year={2013},
	publisher={INFORMS}
}

@article{Harrison_VanMieghem_97,
	title={Dynamic control of {Brownian} networks: State space collapse and equivalent workload formulations},
	author={Harrison, J Michael and Van Mieghem, Jan A},
	journal={Ann. Appl. Probab.},
	volume={7},
	number={3},
	pages={747--771},
	year={1997},
	publisher={Institute of Mathematical Statistics}
}

@article{Mandelbaum_Pats_95,
	title={State-dependent queues: Approximations and applications},
	author={Mandelbaum, Avi and Pats, Gennady},
	journal={Stochastic networks},
	volume={71},
	pages={239--282},
	year={1995},
	publisher={Institute for Mathematics and its Applications}
}

@article{Mandelbaum_Pats_98,
	title={State-dependent stochastic networks. Part I. Approximations and applications with continuous diffusion limits},
	author={Mandelbaum, Avi and Pats, Gennady},
	journal={Ann. Appl. Probab.},
	volume={8},
	number={2},
	pages={569--646},
	year={1998},
	publisher={Institute of Mathematical Statistics}
}

@article{Plambeck_2004,
	title={Optimal leadtime differentiation via diffusion approximations},
	author={Plambeck, Erica L},
	journal={Oper. Res.},
	volume={52},
	number={2},
	pages={213--228},
	year={2004},
	publisher={INFORMS}
}

@techreport{Blanchet_Reiman_Shah_Wein_2020,
	title={Asymptotically Optimal Control of a Centralized Dynamic Matching Market with General Utilities},
	author={Blanchet, Jose H and Reiman, Martin I and Shah, Viragh and Wein, Lawrence M},
	type={Working paper},
	year={2020}
}

@article{Plambeck_Kumar_Harrison,
	title={A multiclass queue in heavy traffic with throughput time constraints: Asymptotically optimal dynamic controls},
	author={Plambeck, Erica and Kumar, Sunil and Harrison, J Michael},
	journal={Queueing Systems},
	volume={39},
	number={1},
	pages={23--54},
	year={2001},
	publisher={Springer}
}

@techreport{Selcuk_Gokpinar_Prices_And_Compensations_Ridehailing,
	title={The Selection of Prices and Commissions in a Spatial Model of Ride-Hailing},
	author={Selcuk, Cemil and Gokpinar, Bilal},
	year={2019},
	type={Working paper}
}

@techreport{Dynamic_Pricing_Matching_2019,
	title={Dynamic Pricing and Matching for Two-Sided Queues},
	author={Varma, Sushil Mahavir and Bumpensanti, Pornpawee and Maguluri, Siva Theja and Wang, He},
	type={Working paper},
	year={2019}
}

@techreport{Yash_Qian_Mirror_Backpressure,
	title={Blind Dynamic Resource Allocation in Closed Networks via Mirror Backpressure},
	author={Kanoria, Yash and Qian, Pengyu},
	year={2020},
	month={February},
	day={19},
	type={Working paper}
}

@techreport{Yash_Qian_SMW,
	title={Dynamic Assignment Control of a Closed Queueing Network under Complete Resource Pooling},
	author={Banerjee, Siddhartha and Kanoria, Yash and Qian, Pengyu},
	year={2020},
	month={June},
	day={20},
	type={Working paper}
}

@article{Harrison_Wein_90,
	title={Scheduling networks of queues: Heavy traffic analysis of a two-station closed network},
	author={Harrison, J Michael and Wein, Lawrence M},
	journal={Oper. Res.},
	volume={38},
	number={6},
	pages={1052--1064},
	year={1990},
	publisher={INFORMS}
}

@article{Harrison_Wein_89,
	title={Scheduling networks of queues: Heavy traffic analysis of a simple open network},
	author={Harrison, J Michael and Wein, Lawrence M},
	journal={Queueing Systems},
	volume={5},
	number={4},
	pages={265--279},
	year={1989},
	publisher={Springer}
}

@article{Cao_Drift_2018,
	title={Optimal Drift Rate Control and Impulse Control for a Stochastic Inventory/Production System},
	author={Cao, Ping and Yao, Dacheng},
	journal={{SIAM} J. Control Optim.},
	volume={56},
	number={3},
	pages={1856--1883},
	year={2018},
	publisher={SIAM}
}

@article{Ghamami_Ward_2013,
	title={Dynamic scheduling of a two-server parallel server system with complete resource pooling and reneging in heavy traffic: Asymptotic optimality of a two-threshold policy},
	author={Ghamami, Samim and Ward, Amy R},
	journal={Math. Oper. Res.},
	volume={38},
	number={4},
	pages={761--824},
	year={2013},
	publisher={INFORMS}
}

@article{Maglaras_Besbes_2009,
	title={Revenue optimization for a make-to-order queue in an uncertain market environment},
	author={Besbes, Omar and Maglaras, Costis},
	journal={Oper. Res.},
	volume={57},
	number={6},
	pages={1438--1450},
	year={2009},
	publisher={INFORMS}
}

@article{Afeche_Baron_Kerner_2013,
	title={Pricing time-sensitive services based on realized performance},
	author={Af{\`e}che, Philipp and Baron, Opher and Kerner, Yoav},
	journal={M\&SOM},
	volume={15},
	number={3},
	pages={492--506},
	year={2013},
	publisher={INFORMS}
}

@article{Ramandeep_2017,
	title={The value of dynamic pricing in large queueing systems},
	author={Kim, Jeunghyun and Randhawa, Ramandeep S},
	journal={Oper. Res.},
	volume={66},
	number={2},
	pages={409--425},
	year={2017},
	publisher={INFORMS}
}

@techreport{Dynamic_Pricing_MakeToStock,
	title={Dynamic Pricing of a Multiclass Make-to-Stock Queue},
	author={Ata, Baris and Barjesteh, Nasser},
	year={2019},
	type={Working paper}
}

@article{Maglaras_2000,
	title={Discrete-review policies for scheduling stochastic networks: Trajectory tracking and fluid-scale asymptotic optimality},
	author={Maglaras, Constantinos},
	journal={Ann. Appl. Probab.},
	volume={10},
	number={3},
	pages={897--929},
	year={2000},
	publisher={Institute of Mathematical Statistics}
}

@techreport{Nazerzadeh_Garg_2019,
	title={Driver Surge Pricing},
	author={Garg, Nikhil and Nazerzadeh, Hamid},
	year={2019},
	type={Working paper}
}

@incollection{Stidham_88,
	title={Scheduling, routing, and flow control in stochastic networks},
	author={Stidham, Shaler},
	booktitle={Stochastic Differential Systems, Stochastic Control Theory and Applications},
	pages={529--561},
	year={1988},
	publisher={Springer}
}

@techreport{MingHu_Surge_Pricing,
	title={Surge pricing and two-sided temporal responses in ride-hailing},
	author={Hu, Bin and Hu, Ming and Zhu, Han},
	type={Working paper},
	year={2019}
}

@article{Wein_1990,
	title={Scheduling networks of queues: Heavy traffic analysis of a two-station network with controllable inputs},
	author={Wein, Lawrence M},
	journal={Oper. Res.},
	volume={38},
	number={6},
	pages={1065--1078},
	year={1990},
	publisher={INFORMS}
}

@article{Gershwin_Veatch_2009,
	title={Production control with backlog-dependent demand},
	author={Gershwin, Stanley B and Tan, Baris and Veatch, Michael H},
	journal={{IIE} transactions},
	volume={41},
	number={6},
	pages={511--523},
	year={2009},
	publisher={Taylor \& Francis}
}

@article{Wein_MultiStationNetworkOfQueues_1992,
	title={Scheduling networks of queues: Heavy traffic analysis of a multistation network with controllable inputs},
	author={Wein, Lawrence M},
	journal={Oper. Res.},
	volume={40},
	number={3-supplement-2},
	pages={S312--S334},
	year={1992},
	publisher={INFORMS}
}

@article{Chevalier_2016,
	title={Dynamic admission control for two customer classes with stochastic demands and strict due dates},
	author={Mlinar, Tanja and Chevalier, Philippe},
	journal={International Journal of Production Research},
	volume={54},
	number={20},
	pages={6156--6173},
	year={2016},
	publisher={Taylor \& Francis}
}

@article{Chevalier_2015,
	title={Revenue management for operations with urgent orders},
	author={Chevalier, Philippe and Lamas, Alejandro and Lu, Liang and Mlinar, Tanja},
	journal={Eur. J. Oper. Res.},
	volume={240},
	number={2},
	pages={476--487},
	year={2015},
	publisher={Elsevier}
}

@book{Olsen_Book,
	title={Production and operations analysis},
	author={Nahmias, Steven and Olsen, Tava Lennon},
	year={2015},
	publisher={Waveland Press}
}

@book{Keskinocak_HandBook,
	title={Planning production and inventories in the extended enterprise: A state of the art handbook},
	author={Kempf, Karl G and Keskinocak, P{\i}nar and Uzsoy, Reha},
	volume={1},
	year={2011},
	publisher={Springer Science \& Business Media}
}

@article{Hafizouglu_Keskinocak_2016,
	title={Price and lead time quotation for contract and spot customers},
	author={Haf{\i}zo{\u{g}}lu, A Baykal and Gel, Esma S and Keskinocak, P{\i}nar},
	journal={Oper. Res.},
	volume={64},
	number={2},
	pages={406--415},
	year={2016},
	publisher={INFORMS}
}

@article{Pekgun_2017,
	title={Centralized versus Decentralized Competition for Price and Lead-Time Sensitive Demand},
	author={Pekg{\"u}n, Pelin and Griffin, Paul M and Keskinocak, P{\i}nar},
	journal={Decision Sciences},
	volume={48},
	number={6},
	pages={1198--1227},
	year={2017},
	publisher={Wiley Online Library}
}

@article{Pekgun_2008,
	title={Coordination of marketing and production for price and leadtime decisions},
	author={Pekg{\"u}n, Pelin and Griffin, Paul M and Keskinocak, Pinar},
	journal={{IIE} transactions},
	volume={40},
	number={1},
	pages={12--30},
	year={2008},
	publisher={Taylor \& Francis}
}

@article{Charnsirisakskul_2006,
	title={Pricing and scheduling decisions with leadtime flexibility},
	author={Charnsirisakskul, Kasarin and Griffin, Paul M and Keskinocak, P{\i}nar},
	journal={Eur. J. Oper. Res.},
	volume={171},
	number={1},
	pages={153--169},
	year={2006},
	publisher={Elsevier}
}

@article{Keskinocak_2003,
	title={Dynamic pricing in the presence of inventory considerations: Research overview, current practices, and future directions},
	author={Elmaghraby, Wedad and Keskinocak, P{\i}nar},
	journal={Manage. Sci.},
	volume={49},
	number={10},
	pages={1287--1309},
	year={2003},
	publisher={INFORMS}
}

@article{Savacsaneril_2010,
	title={Dynamic lead-time quotation for an {M/M/1} base-stock inventory queue},
	author={Sava{\c{s}}aneril, Se{\c{c}}il and Griffin, Paul M and Keskinocak, P{\i}nar},
	journal={Oper. Res.},
	volume={58},
	number={2},
	pages={383--395},
	year={2010},
	publisher={INFORMS}
}

@article{Olsen_2001,
	title={Analytic models for when and how to expedite in make-to-order systems},
	author={Arslan, Hasan and Ayhan, Hayriye and Olsen, Tava Lennon},
	journal={{IIE} Transactions},
	volume={33},
	number={11},
	pages={1019--1029},
	year={2001},
	publisher={Taylor \& Francis}
}

@article{Charnsirisakskul_2004,
	title={Order selection and scheduling with leadtime flexibility},
	author={Charnsirisakskul, Kasarin and Griffin, Paul M and Keskinocak, Pinar},
	journal={{IIE} transactions},
	volume={36},
	number={7},
	pages={697--707},
	year={2004},
	publisher={Taylor \& Francis}
}

@article{Stidham_2002,
	title={Analysis, design, and control of queueing systems},
	author={Stidham, Shaler},
	journal={Oper. Res.},
	volume={50},
	number={1},
	pages={197--216},
	year={2002},
	publisher={INFORMS}
}

@article{Stidham_95,
	title={Optimal flow control of a stochastic fluid-flow system},
	author={Rajagopal, Srinivas and Kulkarni, Vidyadhar G. and Stidham, S},
	journal={{IEEE} journal on selected areas in communications},
	volume={13},
	number={7},
	pages={1219--1228},
	year={1995},
	publisher={IEEE}
}

@article{Stidham_92,
	title={Pricing and capacity decisions for a service facility: Stability and multiple local optima},
	author={Stidham, Shaler},
	journal={Manage. Sci.},
	volume={38},
	number={8},
	pages={1121--1139},
	year={1992},
	publisher={INFORMS}
}

@article{Stidham_85,
	title={Optimal control of admission to a queueing system},
	author={Stidham, Shaler},
	journal={{IEEE} Transactions on Automatic Control},
	volume={30},
	number={8},
	pages={705--713},
	year={1985},
	publisher={IEEE}
}

@techreport{Banerjee_Gurvich_2019,
	title={Online Allocation and Pricing: Constant Regret via Bellman Inequalities},
	author={Vera, Alberto and Banerjee, Siddhartha and Gurvich, Itai},
	type={Working paper},
	year={2019}
}

@article{Dai_2008,
	title={Optimal control of parallel server systems with many servers in heavy traffic},
	author={Dai, JG and Tezcan, Tolga},
	journal={Queueing Systems},
	volume={59},
	number={2},
	pages={95},
	year={2008},
	publisher={Springer}
}

@article{Tezcan_2008,
	title={Optimal control of distributed parallel server systems under the Halfin and Whitt regime},
	author={Tezcan, Tolga},
	journal={Math. Oper. Res.},
	volume={33},
	number={1},
	pages={51--90},
	year={2008},
	publisher={INFORMS}
}

@article{Tezcan_Dai_2010,
	title={Dynamic control of {N-systems} with many servers: Asymptotic optimality of a static priority policy in heavy traffic},
	author={Tezcan, Tolga and Dai, JG},
	journal={Oper. Res.},
	volume={58},
	number={1},
	pages={94--110},
	year={2010},
	publisher={INFORMS}
}

@article{Tezcan_Dai_2011,
	title={State space collapse in many-server diffusion limits of parallel server systems},
	author={Dai, JG and Tezcan, Tolga},
	journal={Math. Oper. Res.},
	volume={36},
	number={2},
	pages={271--320},
	year={2011},
	publisher={INFORMS}
}

@article{Ward_Armony_2013,
	title={Blind fair routing in large-scale service systems with heterogeneous customers and servers},
	author={Ward, Amy R and Armony, Mor},
	journal={Oper. Res.},
	volume={61},
	number={1},
	pages={228--243},
	year={2013},
	publisher={INFORMS}
}

@article{Ibrahim_2016,
	title={Modeling and forecasting call center arrivals: A literature survey and a case study},
	author={Ibrahim, Rouba and Ye, Han and L’Ecuyer, Pierre and Shen, Haipeng},
	journal={International Journal of Forecasting},
	volume={32},
	number={3},
	pages={865--874},
	year={2016},
	publisher={Elsevier}
}

@article{Ibrahim_2018,
	title={Sharing delay information in service systems: A literature survey},
	author={Ibrahim, Rouba},
	journal={Queueing Systems},
	volume={89},
	number={1-2},
	pages={49--79},
	year={2018},
	publisher={Springer}
}

@article{Lewis_2019,
	title={Optimal control policies for an M/M/1 queue with a removable server and dynamic service rates},
	author={Badian-Pessot, Pamela and Lewis, Mark E and Down, Douglas G},
	journal={Probab. Eng. Inform. Sc.},
	pages={1--21},
	year={2019},
	publisher={Cambridge University Press}
}

@article{Lewis_2013,
	title={Dynamic service rate control for a single-server queue with {Markov-modulated} arrivals},
	author={Kumar, Ravi and Lewis, Mark E and Topaloglu, Huseyin},
	journal={Nav. Res. Log.},
	volume={60},
	number={8},
	pages={661--677},
	year={2013},
	publisher={Wiley Online Library}
}

@article{Lewis_2004,
	title={Optimal pricing and admission control in a queueing system with periodically varying parameters},
	author={Yoon, Seunghwan and Lewis, Mark E},
	journal={Queueing Systems},
	volume={47},
	number={3},
	pages={177--199},
	year={2004},
	publisher={Springer}
}

@article{Yildirim_2010,
	title={Admission control and pricing in a queue with batch arrivals},
	author={Yildirim, Utku and Hasenbein, John J},
	journal={Oper. Res. Lett.},
	volume={38},
	number={5},
	pages={427--431},
	year={2010},
	publisher={Elsevier}
}

@article{Hasenbein_2010,
	title={Dynamic admission and service rate control of a queue},
	author={Adusumilli, Kranthi Mitra and Hasenbein, John J},
	journal={Queueing Systems},
	volume={66},
	number={2},
	pages={131--154},
	year={2010},
	publisher={Springer}
}

@article{Xiuli_93,
	title={Optimal control of a simple assembly system},
	author={Chen, Hong and Yang, Ping and Yao, David D and Chao, Xiuli},
	journal={Oper. Res. Lett.},
	volume={14},
	number={4},
	pages={199--205},
	year={1993},
	publisher={Elsevier}
}

@article{Xiuli_94,
	title={Optimal intensity allocation of single-server queueing networks},
	author={Chao, Xiuli},
	journal={International journal of systems science},
	volume={25},
	number={11},
	pages={1987--2000},
	year={1994},
	publisher={Taylor \& Francis}
}

@article{Xiuli_2006,
	title={Joint inventory-and-pricing strategy for a stochastic continuous-review system},
	author={Chao, Xiuli and Zhou, Sean X},
	journal={{IIE} Transactions},
	volume={38},
	number={5},
	pages={401--408},
	year={2006},
	publisher={Taylor \& Francis}
}

@article{Xiuli_2009,
	title={Dynamic pricing and inventory control for a production system with average profit criterion},
	author={Xu, Yifan and Chao, Xiuli},
	journal={Probab. Eng. Inform. Sc.},
	volume={23},
	number={3},
	pages={489--513},
	year={2009},
	publisher={Cambridge University Press}
}

@article{Zhou_2014,
	title={Dynamic pricing and inventory management with regular and expedited supplies},
	author={Zhou, Sean X and Chao, Xiuli},
	journal={Prod. Oper. Manag.},
	volume={23},
	number={1},
	pages={65--80},
	year={2014},
	publisher={Wiley Online Library}
}

@techreport{Chen_2015,
	title={Nonparametric algorithms for joint pricing and inventory control with lost-sales and censored demand},
	author={Chen, Boxiao and Chao, Xiuli and Shi, Cong},
	type={Working paper},
	year={2015}
}

@article{Kostami_2017,
	title={Pricing and capacity allocation for shared services},
	author={Kostami, Vasiliki and Kostamis, Dimitris and Ziya, Serhan},
	journal={M\&SOM},
	volume={19},
	number={2},
	pages={230--245},
	year={2017},
	publisher={INFORMS}
}

@article{Ziya_2008,
	title={A note on optimal pricing for finite capacity queueing systems with multiple customer classes},
	author={Ziya, Serhan and Ayhan, Hayriye and Foley, Robert D},
	journal={Nav. Res. Log.},
	volume={55},
	number={5},
	pages={412--418},
	year={2008},
	publisher={Wiley Online Library}
}

@article{Ziya_2006,
	title={Optimal prices for finite capacity queueing systems},
	author={Ziya, Serhan and Ayhan, Hayriye and Foley, Robert D},
	journal={Oper. Res. Lett.},
	volume={34},
	number={2},
	pages={214--218},
	year={2006},
	publisher={Elsevier}
}

@article{Randhawa_2013,
	title={Accuracy of fluid approximations for queueing systems with congestion-sensitive demand and implications for capacity sizing},
	author={Randhawa, Ramandeep S},
	journal={Oper. Res. Lett.},
	volume={41},
	number={1},
	pages={27--31},
	year={2013},
	publisher={Elsevier}
}

@article{Kumar_Randhawa_2010,
	title={Exploiting market size in service systems},
	author={Kumar, Sunil and Randhawa, Ramandeep S},
	journal={M\&SOM},
	volume={12},
	number={3},
	pages={511--526},
	year={2010},
	publisher={INFORMS}
}

@article{Bassamboo_Randhawa_2015,
	title={Scheduling homogeneous impatient customers},
	author={Bassamboo, Achal and Randhawa, Ramandeep Singh},
	journal={Manage. Sci.},
	volume={62},
	number={7},
	pages={2129--2147},
	year={2015},
	publisher={INFORMS}
}

@techreport{Golrezaei_Nazerzadeh_Randhawa_2017,
	title={Dynamic pricing for heterogeneous time-sensitive customers},
	author={Golrezaei, Negin and Nazerzadeh, Hamid and Randhawa, Ramandeep S},
	type={Working paper},
	year={2017}
}

@article{Haviv_Randhawa_2014,
	title={Pricing in queues without demand information},
	author={Haviv, Moshe and Randhawa, Ramandeep S},
	journal={M\&SOM},
	volume={16},
	number={3},
	pages={401--411},
	year={2014},
	publisher={INFORMS}
}

@article{Afeche_Ata_2013,
	title={Bayesian dynamic pricing in queueing systems with unknown delay cost characteristics},
	author={Af{\`e}che, Philipp and Ata, Baris},
	journal={M\&SOM},
	volume={15},
	number={2},
	pages={292--304},
	year={2013},
	publisher={INFORMS}
}

@article{Afeche_2019,
	title={Pricing and prioritizing time-sensitive customers with heterogeneous demand rates},
	author={Af{\`e}che, Philipp and Baron, Opher and Milner, Joseph and Roet-Green, Ricky},
	journal={Oper. Res.},
	year={2019},
	publisher={INFORMS}
}

@article{Afeche_2016,
	title={Optimal price/lead-time menus for queues with customer choice: Segmentation, pooling, and strategic delay},
	author={Af{\`e}che, Philipp and Pavlin, J Michael},
	journal={Manage. Sci.},
	volume={62},
	number={8},
	pages={2412--2436},
	year={2016},
	publisher={INFORMS}
}

@article{Afeche_2004,
	title={Incentive-compatible revenue management in queueing systems: Optimal strategic delay and other delaying tactics},
	author={Af{\`e}che, Philipp},
	journal={M\&SOM},
	year={2004}
}

@article{Gayon_2005,
	title={Stock rationing in an {$M/E_k/1$} make-to-stock queue with backorders},
	author={Gayon, Jean-Philippe and V{\'e}ricourt, Francis De and Karaesmen, Fikri},
	booktitle={M\&SOM},
	year={2005}
}

@article{Dai_Dai_99,
	title={A heavy traffic limit theorem for a class of open queueing networks with finite buffers},
	author={Dai, JG and Dai, Wanyang},
	journal={Queueing Systems},
	volume={32},
	number={1-3},
	pages={5--40},
	year={1999},
	publisher={Springer}
}

@book{Gallego_Topaloglu_Book,
	title={Revenue management and pricing analytics},
	author={Gallego, Guillermo and Topaloglu, Huseyin},
	year={2018},
	publisher={Springer}
}

@incollection{Stidham_88,
	title={Scheduling, routing, and flow control in stochastic networks},
	author={Stidham, Shaler},
	booktitle={Stochastic Differential Systems, Stochastic Control Theory and Applications},
	pages={529--561},
	year={1988},
	publisher={Springer}
}

@article{Mendelson_Whang_90,
	title={Optimal incentive-compatible priority pricing for the M/M/1 queue},
	author={Mendelson, Haim and Whang, Seungjin},
	journal={Oper. Res.},
	volume={38},
	number={5},
	pages={870--883},
	year={1990},
	publisher={INFORMS}
}

@article{Mendelson_85,
	title={Pricing computer services: Queueing effects},
	author={Mendelson, Haim},
	journal={Communications of the {ACM}},
	volume={28},
	number={3},
	pages={312--321},
	year={1985},
	publisher={ACM}
}

@article{Kumar_2000,
	title={Two-server closed networks in heavy traffic: Diffusion limits and asymptotic optimality},
	author={Kumar, Sunil},
	journal={Ann. Appl. Probab.},
	volume={10},
	number={3},
	pages={930--961},
	year={2000},
	publisher={Institute of Mathematical Statistics}
}

@article{Maglaras_Zeevi_2003,
	title={Pricing and capacity sizing for systems with shared resources: Approximate solutions and scaling relations},
	author={Maglaras, Constantinos and Zeevi, Assaf},
	journal={Manage. Sci.},
	volume={49},
	number={8},
	pages={1018--1038},
	year={2003},
	publisher={INFORMS}
}

@article{Maglaras_Zeevi_2005,
	title={Pricing and design of differentiated services: Approximate analysis and structural insights},
	author={Maglaras, Constantinos and Zeevi, Assaf},
	journal={Oper. Res.},
	volume={53},
	number={2},
	pages={242--262},
	year={2005},
	publisher={INFORMS}
}

@article{Plambeck_2004,
	title={Optimal leadtime differentiation via diffusion approximations},
	author={Plambeck, Erica L},
	journal={Oper. Res.},
	volume={52},
	number={2},
	pages={213--228},
	year={2004},
	publisher={INFORMS}
}

@article{Ward_Kumar_2008,
	title={Asymptotically optimal admission control of a queue with impatient customers},
	author={Ward, Amy R and Kumar, Sunil},
	journal={Math. Oper. Res.},
	volume={33},
	number={1},
	pages={167--202},
	year={2008},
	publisher={INFORMS}
}

@article{Reed_Ward_2008,
	title={Approximating the {GI/GI/1+GI} queue with a nonlinear drift diffusion: Hazard rate scaling in heavy traffic},
	author={Reed, JE and Ward, Amy R},
	journal={Math. Oper. Res.},
	volume={33},
	number={3},
	pages={606--644},
	year={2008},
	publisher={INFORMS}
}

@article{Bell_Williams_2001,
	title={Dynamic scheduling of a system with two parallel servers in heavy traffic with resource pooling: Asymptotic optimality of a threshold policy},
	author={Bell, Steven L and Williams, Ruth J},
	journal={Ann. Appl. Probab.},
	volume={11},
	number={3},
	pages={608--649},
	year={2001},
	publisher={Institute of Mathematical Statistics}
}

@article{Bell_Williams_2005,
	title={Dynamic scheduling of a parallel server system in heavy traffic with complete resource pooling: Asymptotic optimality of a threshold policy},
	author={Bell, Steven L and Williams, Ruth J},
	journal={Electron. J. Probab.},
	volume={10},
	pages={1044--1115},
	year={2005},
	publisher={The Institute of Mathematical Statistics and the Bernoulli Society}
}

@article{Reiman_Wein_98,
	title={Dynamic scheduling of a two-class queue with setups},
	author={Reiman, Martin I and Wein, Lawrence M},
	journal={Oper. Res.},
	volume={46},
	number={4},
	pages={532--547},
	year={1998},
	publisher={INFORMS}
}

@article{Stidham_Weber_89,
	title={Monotonic and insensitive optimal policies for control of queues with undiscounted costs},
	author={Stidham, Shaler and Weber, Richard R},
	journal={Oper. Res.},
	volume={37},
	number={4},
	pages={611--625},
	year={1989},
	publisher={INFORMS}
}

@article{Weber_Stidham_87,
	title={Optimal control of service rates in networks of queues},
	author={Weber, Richard R and Stidham, Shaler},
	journal={Adv. Appl. Probab.},
	volume={19},
	number={1},
	pages={202--218},
	year={1987},
	publisher={Cambridge University Press}
}

@article{Crabill_72,
	title={Optimal control of a service facility with variable exponential service times and constant arrival rate},
	author={Crabill, Thomas B},
	journal={Manage. Sci.},
	volume={18},
	number={9},
	pages={560--566},
	year={1972},
	publisher={INFORMS}
}

@article{Crabill_74,
	title={Optimal control of a maintenance system with variable service rates},
	author={Crabill, Thomas B},
	journal={Oper. Res.},
	volume={22},
	number={4},
	pages={736--745},
	year={1974},
	publisher={INFORMS}
}

@article{Wein_92,
	title={Dynamic scheduling of a multiclass make-to-stock queue},
	author={Wein, Lawrence M},
	journal={Oper. Res.},
	volume={40},
	number={4},
	pages={724--735},
	year={1992},
	publisher={INFORMS}
}

@article{Wein_1991,
	title={Due-date setting and priority sequencing in a multiclass {M/G/1} queue},
	author={Wein, Lawrence M},
	journal={Manage. Sci.},
	volume={37},
	number={7},
	pages={834--850},
	year={1991},
	publisher={INFORMS}
}

@article{Chevalier_Wein_93,
	title={Scheduling networks of queues: Heavy traffic analysis of a multistation closed network},
	author={Chevalier, Philippe B and Wein, Lawrence M},
	journal={Oper. Res.},
	volume={41},
	number={4},
	pages={743--758},
	year={1993},
	publisher={INFORMS}
}

@techreport{Krichagina_94,
	title={Heavy traffic analysis of a production-distribution system},
	author={Krichagina, Elena V and Wein, Lawrence M},
	year={1994},
	type={Working paper}
}

@article{Harrison_Taksar_83,
	title={Instantaneous control of {Brownian} motion},
	author={Harrison, J Michael and Taksar, Michael I},
	journal={Math. Oper. Res.},
	volume={8},
	number={3},
	pages={439--453},
	year={1983},
	publisher={INFORMS}
}

@article{Weerasinghe_2002,
	title={Stationary stochastic control for It{\^o} processes},
	author={Weerasinghe, Ananda PN},
	journal={Adv. Appl. Probab.},
	volume={34},
	number={1},
	pages={128--140},
	year={2002},
	publisher={Cambridge University Press}
}

@article{Dai_Yao_Average_2013,
	title={{Brownian} inventory models with convex holding cost, part 1: Average-optimal controls},
	author={Dai, JG and Yao, Dacheng},
	journal={Stochastic Systems},
	volume={3},
	number={2},
	pages={442--499},
	year={2013},
	publisher={INFORMS}
}

@article{Dai_Yao_Discounted_2013,
	title={{Brownian} inventory models with convex holding cost, part 2: Discount-optimal controls},
	author={Dai, JG and Yao, Dacheng},
	journal={Stochastic Systems},
	volume={3},
	number={2},
	pages={500--573},
	year={2013},
	publisher={INFORMS}
}

@article{Markowitz_Wein_2001,
	title={Heavy traffic analysis of dynamic cyclic policies: A unified treatment of the single machine scheduling problem},
	author={Markowitz, David M and Wein, Lawrence M},
	journal={Oper. Res.},
	volume={49},
	number={2},
	pages={246--270},
	year={2001},
	publisher={INFORMS}
}

@article{Taksar_85,
	title={Average optimal singular control and a related stopping problem},
	author={Taksar, Michael I},
	journal={Math. Oper. Res.},
	volume={10},
	number={1},
	pages={63--81},
	year={1985},
	publisher={INFORMS}
}

@techreport{Zhan_Double_Edged_Sword_2018,
	title={Harnessing the double-edged sword via routing: Information provision on ride-hailing platforms},
	author={Chu, Leon Yang and Wan, Zhixi and Zhan, Dongyuan},
	type={Working paper},
	year={2018}
}

@article{He_Robust_Repositioning,
	title={Robust repositioning for vehicle sharing},
	author={He, Long and Hu, Zhenyu and Zhang, Meilin},
	journal={M\&SOM},
	volume={22},
	number={2},
	pages={241--256},
	year={2020},
	publisher={INFORMS}
}

@techreport{Hu_Price_Wage_Commission_2019,
	title={Price, wage and fixed commission in on-demand matching},
	author={Hu, Ming and Zhou, Yun},
	type={Working paper},
	year={2019}
}

@techreport{Castillo_Goose_Chase,
	title={Surge Pricing Solves the Wild Goose Chase},
	author={Castillo, Juan Camilo and Knoepfle, Dan and Weyl, Glen},
	type={Working paper},
	year={2018}
}

@techreport{Chen_2016,
	title={Dynamic Pricing in a Labor Market: Surge Pricing and Flexible Work on the {Uber} Platform},
	author={Chen, M Keith and Sheldon, Michael},
	type={Working paper},
	year={2016}
}

@techreport{Saigal_2017,
	title={Dynamic Pricing for On-Demand Ride-Sharing: A Continuous Approach},
	author={Luo, Qi and Saigal, Romesh},
	type={Working paper},
	year={2017}
}

@techreport{Frazier_Surge_Pricing_2018,
	title={Surge Pricing Moves {Uber's} Driver Partners},
	author={Lu, Alice and Frazier, Peter and Kislev, Oren},
	type={Working paper},
	year={2018}
}

@techreport{Mismatch_Sensitive_2019,
	title={Matching Supply and Demand with Mismatch-Sensitive Players},
	author={Chen, Mingliu and Dai, Jim and Sun, Peng and Wan, Zhixi},
	type={Working paper},
	year={2019}
}

@article{Helin_2019,
	title={Dynamic pricing and matching in ride-hailing platforms},
	author={Yan, Chiwei and Zhu, Helin and Korolko, Nikita and Woodard, Dawn},
	journal={Nav. Res. Log.},
	year={2019},
	publisher={Wiley Online Library}
}

@techreport{Aouad_Saritac_2019,
	title={Dynamic Stochastic Matching Under Limited Time},
	author={Aouad, Ali and Saritac, Omer},
	type={Working paper},
	year={2019}
}

@techreport{Hosseini_Repositioning_Vehicle_Sharing,
	title={Efficient Repositioning in Car-Sharing Networks},
	author={Hosseini, Mahsa and Milner, Joseph and Romero, Gonzalo},
	type={Working paper},
	year={2020}
}

@techreport{Rad_Two_Stage_Matching_Pricing,
	title={Two-stage Matching and Pricing with Applications to Ride Hailing},
	author={Feng, Yiding and Niazadeh, Rad and Saberi, Amin},
	type={Working paper},
	year={2020}
}

@article{Wang_Stable_Matching_2017,
	title={Stable matching for dynamic ride-sharing systems},
	author={Wang, Xing and Agatz, Niels and Erera, Alan},
	journal={Transport. Sci.},
	volume={52},
	number={4},
	pages={850--867},
	year={2017},
	publisher={INFORMS}
}

@article{Bertsimas_Online_Routing_2019,
	title={Online vehicle routing: The edge of optimization in large-scale applications},
	author={Bertsimas, Dimitris and Jaillet, Patrick and Martin, S{\'e}bastien},
	journal={Oper. Res.},
	volume={67},
	number={1},
	pages={143--162},
	year={2019},
	publisher={INFORMS}
}

@article{Dai_Lin_MaxPressure_2008,
	title={Asymptotic optimality of maximum pressure policies in stochastic processing networks},
	author={Dai, Jim G and Lin, Wuqin},
	journal={Ann. Appl. Probab.},
	volume={18},
	number={6},
	pages={2239--2299},
	year={2008},
	publisher={Institute of Mathematical Statistics}
}

@article{Ata_Lin_MaxPressure_2008,
	title={Heavy traffic analysis of maximum pressure policies for stochastic processing networks with multiple bottlenecks},
	author={Ata, Baris and Lin, Wuqin},
	journal={Queueing Systems},
	volume={59},
	number={3-4},
	pages={191--235},
	year={2008},
	publisher={Springer}
}

@article{Zhishuo_Circular,
	title={We are on the way: Analysis of On-Demand Booking System},
	author={Feng, Guiyun and Kong, Guangwen and Wang, Zizhuo},
	journal={M\&SOM},
	year={2019}
}

@article{BCMP_2019,
	title={A BCMP network approach to modeling and controlling autonomous mobility-on-demand systems},
	author={Iglesias, Ramon and Rossi, Federico and Zhang, Rick and Pavone, Marco},
	journal={The International Journal of Robotics Research},
	volume={38},
	number={2-3},
	pages={357--374},
	year={2019},
	publisher={SAGE Publications Sage UK: London, England}
}

@techreport{Spatial_Capacity_Planning,
	title={Spatial capacity planning},
	author={Besbes, Omar and Castro, Francisco and Lobel, Ilan},
	type={Working paper},
	year={2018}
}

@techreport{Benjaafar_etal_2018,
	title={Inventory repositioning in on-demand product rental networks},
	author={Benjaafar, Saif and Jiang, Daniel and Li, Xiang and Li, Xiaobo},
	type={Working paper},
	year={2018}
}

@techreport{Hao_etal_2018,
	title={Robust vehicle allocation with uncertain covariates},
	author={Hao, Zhaowei and He, Long and Hu, Zhenyu and Jiang, Jun},
	type={Working paper},
	year={2018}
}

@book{Burnett_1987,
	title={Finite element analysis: from concepts to applications},
	author={Burnett, David S},
	year={1987},
	publisher={Prentice Hall}
}

@misc{Zimmermann_1987,
	title={The finite element method. Linear static and dynamic finite element analysis: Thomas JR Hughes (Prentice Hall, Englewood Cliffs, NJ, 1987) 803 pp},
	author={Zimmermann, Thomas},
	year={1987},
	publisher={North-Holland}
}

@techreport{Driver_location_Preferences,
	title={Ridesharing with driver location preferences},
	author={Rheingans-Yoo, Duncan and Kominers, Scott Duke and Ma, Hongyao and Parkes, David C},
	type={Working paper},
	year={2019}
}

@article{Tang_Balancing,
	title={A balancing act of regulating on-demand ride services},
	author={Yu, Jiayi Joey and Tang, Christopher S and Max Shen, Zuo-Jun and Chen, Xiqun Michael},
	journal={Manage. Sci.},
	volume={66},
	number={7},
	pages={2975--2992},
	year={2020},
	publisher={INFORMS}
}

@techreport{Qi_Dynamic_Pricing,
	title={Real-Time Spatial-Intertemporal Dynamic Pricing for Balancing Supply and Demand in a Network},
	author={Chen, Qi and Lei, Yanzhe and Jasin, Stefanus},
	year={2020},
	type={Working paper}
}

@techreport{Ride_Solo_Or_Pool,
	title={Ride solo or pool: designing price-service menus for a ride-sharing platform},
	author={Jacob, Jagan and Roet-Green, Ricky},
	year={2018},
	type={Working paper}
}

@book{Oblique_Derivative_Elliptic_PDEs,
	title={Oblique derivative problems for elliptic equations},
	author={Lieberman, Gary M},
	year={2013},
	publisher={World Scientific}
}

@book{2nd_Order_Elliptic_PDEs,
	title={Elliptic partial differential equations of second order},
	author={Gilbarg, David and Trudinger, Neil S},
	year={2015},
	publisher={Springer}
}

@book{FEM_Linear_Static_Dynamic_Book,
	title={The finite element method: linear static and dynamic finite element analysis},
	author={Hughes, Thomas JR},
	year={2012},
	publisher={Courier Corporation}
}

@book{FEM_Theory_Implementation_Applications_Book,
	title={The finite element method: theory, implementation, and applications},
	author={Larson, Mats G and Bengzon, Fredrik},
	volume={10},
	year={2013},
	publisher={Springer Science \& Business Media}
}

@book{FEM_Elliptic_Book,
	title={The finite element method for elliptic problems},
	author={Ciarlet, Philippe G},
	volume={40},
	year={2002},
	publisher={SIAM}
}

@book{First_Course_Numerical_Methods,
	title={A first course on numerical methods},
	author={Ascher, Uri M and Greif, Chen},
	volume={7},
	year={2011},
	publisher={{SIAM}}}
}

@book{PDE_Numerical_Analysis_Book,
	title={Partial differential equations: modeling, analysis and numerical approximation},
	author={Le Dret, Herv{\'e} and Lucquin, Brigitte},
	volume={168},
	year={2016},
	publisher={Springer}
}

@article{Auto_Mesh_Generation,
	title={Automatic mesh generation and finite element computation},
	author={George, PL},
	journal={Handbook of numerical analysis},
	volume={4},
	pages={69--190},
	year={1996},
	publisher={Elsevier}
}

@article{Qhull,
	title={The {Quickhull} algorithm for convex hulls},
	author={Barber, C Bradford and Dobkin, David P and Huhdanpaa, Hannu},
	journal={{ACM} T. Math. Software},
	volume={22},
	number={4},
	pages={469--483},
	year={1996},
	publisher={{ACM New York, NY, USA}}
}

@article{Hester_Hartman_2017,
	title={Conditional race disparities in criminal sentencing: A test of the liberation hypothesis from a non-guidelines state},
	author={Hester, Rhys and Hartman, Todd K},
	journal={Journal of quantitative criminology},
	volume={33},
	number={1},
	pages={77--100},
	year={2017},
	publisher={Springer}
}

@online{SCCourts,
	title={{SCCourts}},
	author={{South Carolina Judicial Department}},
	url={https://sccourts.org},
	year={2020}
}

@phdthesis{Can_Disseration,
	title={Three Data-driven Model-based Policy Analyses in Criminology},
	author={Wang, Can},
	year={2019},
	school={Stanford University}
}